@misc{medmodels,
    title  = {A list of {Mediator} models},
    url    = {https://fmgroup.liyi.today/git/MediatE/PaperProposal}
}

@misc{labview,
    author = {{National Instruments}},
    title  = {LabVIEW},
    url    = {http://www.ni.com/zh-cn/shop/labview.html}
}

@incollection{hahn2016essentialsimulink,
  title={{SIMULINK Toolbox}},
  booktitle={{Essential MATLAB for engineers and scientists}},
  author={Hahn, Brian and Valentine, Daniel T},
  year={2016},
  publisher={Academic Press},
  pages={341--356}
}

@book{margolis2011arduino,
  title={Arduino cookbook},
  author={Margolis, Michael},
  year={2011},
  address={Sebastopol, USA},
  publisher={O'Reilly Media, Inc.}
}

@book{mpibook,
 author = {Gropp, William and Lusk, Ewing and Thakur, Rajeev},
 title = {Using MPI-2: Advanced Features of the Message-Passing Interface},
 year = {1999},
 isbn = {0262571331},
 publisher = {MIT Press},
 address = {Cambridge, MA, USA},
} 